@book{sung2009algorithms,
  title={Algorithms in bioinformatics: A practical introduction},
  author={Sung, Wing-Kin},
  year={2009},
  publisher={Chapman and Hall/CRC}
}

@article{polyanovsky2011comparative,
  title={Comparative analysis of the quality of a global algorithm and a local algorithm for alignment of two sequences},
  author={Polyanovsky, Valery O and Roytberg, Mikhail A and Tumanyan, Vladimir G},
  journal={Algorithms for molecular biology},
  volume={6},
  number={1},
  pages={1--12},
  year={2011},
  publisher={BioMed Central}
}

@article{brudno2003glocal,
  title={Glocal alignment: finding rearrangements during alignment},
  author={Brudno, Michael and Malde, Sanket and Poliakov, Alexander and Do, Chuong B and Couronne, Olivier and Dubchak, Inna and Batzoglou, Serafim},
  journal={Bioinformatics},
  volume={19},
  number={suppl\_1},
  pages={i54--i62},
  year={2003},
  publisher={Oxford University Press}
}

@article{needleman1970general,
  title={A general method applicable to the search for similarities in the amino acid sequence of two proteins},
  author={Needleman, Saul B and Wunsch, Christian D},
  journal={Journal of molecular biology},
  volume={48},
  number={3},
  pages={443--453},
  year={1970},
  publisher={Elsevier}
}

@article{smith1981identification,
  title={Identification of common molecular subsequences},
  author={Smith, Temple F and Waterman, Michael S and others},
  journal={Journal of molecular biology},
  volume={147},
  number={1},
  pages={195--197},
  year={1981},
  publisher={Elsevier Science}
}

@article{masek1980faster,
  title={A faster algorithm computing string edit distances},
  author={Masek, William J and Paterson, Michael S},
  journal={Journal of Computer and System sciences},
  volume={20},
  number={1},
  pages={18--31},
  year={1980},
  publisher={Elsevier}
}

@article{ullman1976bounds,
  title={Bounds on the complexity of the longest common subsequence problem},
  author={Ullman, JD and Aho, AV and Hirschberg, DS},
  journal={Journal of the ACM (JACM)},
  volume={23},
  number={1},
  pages={1--12},
  year={1976},
  publisher={ACM New York, NY, USA}
}

@article{hirschberg1975linear,
  title={A linear space algorithm for computing maximal common subsequences},
  author={Hirschberg, Daniel S.},
  journal={Communications of the ACM},
  volume={18},
  number={6},
  pages={341--343},
  year={1975},
  publisher={ACM New York, NY, USA}
}
